<?xml version="1.0" encoding="UTF-8"?>
<collection xmlns:xsi="http://www.w3.org/2001/XMLSchema-instance" xsi:schemaLocation="http://www.loc.gov/MARC21/slim http://www.loc.gov/standards/marcxml/schema/MARC21slim.xsd" xmlns="http://www.loc.gov/MARC21/slim">
<record>
  <leader>02287cam a2200433Ma 4500</leader>
  <controlfield tag="001">3071734</controlfield>
  <controlfield tag="003">NNC</controlfield>
  <controlfield tag="005">20160118123336.0</controlfield>
  <controlfield tag="008">010822m18871905ua            000 0 ara d</controlfield>
  <datafield tag="035" ind1=" " ind2=" ">
    <subfield code="9">ATP4738CU</subfield>
  </datafield>
  <datafield tag="035" ind1=" " ind2=" ">
    <subfield code="a">(OCoLC)ocn863300746</subfield>
  </datafield>
  <datafield tag="035" ind1=" " ind2=" ">
    <subfield code="a">(OCoLC)863300746</subfield>
  </datafield>
  <datafield tag="035" ind1=" " ind2=" ">
    <subfield code="a">(NNC)3071734</subfield>
  </datafield>
  <datafield tag="040" ind1=" " ind2=" ">
    <subfield code="a">EQO</subfield>
    <subfield code="b">eng</subfield>
    <subfield code="c">EQO</subfield>
    <subfield code="d">OCLCO</subfield>
    <subfield code="d">OCLCF</subfield>
    <subfield code="d">OCLCQ</subfield>
  </datafield>
  <datafield tag="100" ind1="1" ind2=" ">
    <subfield code="6">880-01</subfield>
    <subfield code="a">Nābulusī, ʻAbd al-Ghanī ibn Ismāʻīl,</subfield>
    <subfield code="d">1641-1731.</subfield>
  </datafield>
  <datafield tag="240" ind1="1" ind2="0">
    <subfield code="6">880-02</subfield>
    <subfield code="a">Jawāhir al-nuṣūṣ fī ḥall kalimāt al-Fuṣūṣ</subfield>
  </datafield>
  <datafield tag="245" ind1="1" ind2="0">
    <subfield code="6">880-03</subfield>
    <subfield code="a">Sharḥ jawāhir al-nuṣūṣ fī ḥall kalimāt al-Fuṣūṣ /</subfield>
    <subfield code="c">li-ʻAbd al-Ghanī al-Nābulusī. Wa-bi-hāmishihi Sharḥ ʻAbd al-Raḥmān al-Jāmī ʻalá Fuṣūs al-ḥikam.</subfield>
  </datafield>
  <datafield tag="260" ind1=" " ind2=" ">
    <subfield code="6">880-04</subfield>
    <subfield code="a">Miṣr :</subfield>
    <subfield code="b">Maṭbaʻat al-Zamān,</subfield>
    <subfield code="c">1304-1323 [1887-1905]</subfield>
  </datafield>
  <datafield tag="300" ind1=" " ind2=" ">
    <subfield code="a">2 volumes in 1 ;</subfield>
    <subfield code="c">27 cm</subfield>
  </datafield>
  <datafield tag="336" ind1=" " ind2=" ">
    <subfield code="a">text</subfield>
    <subfield code="b">txt</subfield>
    <subfield code="2">rdacontent</subfield>
  </datafield>
  <datafield tag="337" ind1=" " ind2=" ">
    <subfield code="a">unmediated</subfield>
    <subfield code="b">n</subfield>
    <subfield code="2">rdamedia</subfield>
  </datafield>
  <datafield tag="338" ind1=" " ind2=" ">
    <subfield code="a">volume</subfield>
    <subfield code="b">nc</subfield>
    <subfield code="2">rdacarrier</subfield>
  </datafield>
  <datafield tag="500" ind1=" " ind2=" ">
    <subfield code="a">Commentaries on Ibn al-ʻArabī's Fuṣūs al-ḥikam.</subfield>
  </datafield>
  <datafield tag="500" ind1=" " ind2=" ">
    <subfield code="a">Publishers vary.</subfield>
  </datafield>
  <datafield tag="650" ind1=" " ind2="0">
    <subfield code="a">Sufism</subfield>
    <subfield code="v">Early works to 1800.</subfield>
  </datafield>
  <datafield tag="600" ind1="0" ind2="0">
    <subfield code="6">880-05</subfield>
    <subfield code="a">Ibn al-ʻArabī,</subfield>
    <subfield code="d">1165-1240.</subfield>
    <subfield code="t">Fuṣūṣ al-ḥikam.</subfield>
  </datafield>
  <datafield tag="630" ind1="0" ind2="7">
    <subfield code="a">Fuṣūṣ al-ḥikam (Ibn al-ʻArabī)</subfield>
    <subfield code="2">fast</subfield>
    <subfield code="0">(OCoLC)fst01371634</subfield>
  </datafield>
  <datafield tag="650" ind1=" " ind2="7">
    <subfield code="a">Sufism.</subfield>
    <subfield code="2">fast</subfield>
    <subfield code="0">(OCoLC)fst01137257</subfield>
  </datafield>
  <datafield tag="655" ind1=" " ind2="7">
    <subfield code="a">Early works.</subfield>
    <subfield code="2">fast</subfield>
    <subfield code="0">(OCoLC)fst01411636</subfield>
  </datafield>
  <datafield tag="700" ind1="0" ind2="2">
    <subfield code="6">880-06</subfield>
    <subfield code="a">Ibn al-ʻArabī,</subfield>
    <subfield code="d">1165-1240.</subfield>
    <subfield code="t">Fuṣūṣ al-ḥikam.</subfield>
  </datafield>
  <datafield tag="700" ind1="0" ind2="2">
    <subfield code="6">880-07</subfield>
    <subfield code="a">Jāmī,</subfield>
    <subfield code="d">1414-1492.</subfield>
    <subfield code="t">Sharḥ Fuṣūṣ al-ḥikam.</subfield>
  </datafield>
  <datafield tag="880" ind1="1" ind2=" ">
    <subfield code="6">100-01/r</subfield>
    <subfield code="a">نابلسي، عبد الغني بن إسماعيل,</subfield>
    <subfield code="d">1641-1731.</subfield>
  </datafield>
  <datafield tag="880" ind1="1" ind2="0">
    <subfield code="6">240-02/r</subfield>
    <subfield code="a">جواهر النصوص في حل كلمات الفصوص</subfield>
  </datafield>
  <datafield tag="880" ind1="1" ind2="0">
    <subfield code="6">245-03/r</subfield>
    <subfield code="a">شرح جواهر النصوص في حل كلمات الفصوص /</subfield>
    <subfield code="c">لعبد الغني النابلسي. وبهامشه شرح عبد الرحمن الجامي على فصوص الحكم.</subfield>
  </datafield>
  <datafield tag="880" ind1=" " ind2=" ">
    <subfield code="6">260-04/r</subfield>
    <subfield code="a">مصر :</subfield>
    <subfield code="b">مطبعة الزمان،</subfield>
    <subfield code="c">٤٠٣١-٣٢٣١ [٧٨٨١-٥٠٩١]</subfield>
  </datafield>
  <datafield tag="880" ind1="0" ind2="4">
    <subfield code="6">600-05/r</subfield>
    <subfield code="a">ابن العربي,</subfield>
    <subfield code="d">1165-1240.</subfield>
    <subfield code="t">فصوص الحكم.</subfield>
  </datafield>
  <datafield tag="880" ind1="0" ind2="2">
    <subfield code="6">700-06/r</subfield>
    <subfield code="a">ابن العربي,</subfield>
    <subfield code="d">1165-1240.</subfield>
    <subfield code="t">فصوص الحكم.</subfield>
  </datafield>
  <datafield tag="880" ind1="0" ind2="2">
    <subfield code="6">700-07/r</subfield>
    <subfield code="a">جامي,</subfield>
    <subfield code="d">1414-1492.</subfield>
    <subfield code="t">شرح فصوص الحكم.</subfield>
  </datafield>
  <datafield tag="955" ind1=" " ind2=" ">
    <subfield code="b">0040268993</subfield>
    <subfield code="d">glx</subfield>
    <subfield code="e">893.7Ib53 Q54</subfield>
  </datafield>
</record>
</collection>